@INPROCEEDINGS{bergstra+al:2010-scipy,
     author = {Bergstra, James and Breuleux, Olivier and Bastien, Fr{\'{e}}d{\'{e}}ric and Lamblin, Pascal and Pascanu, Razvan and Desjardins, Guillaume and Turian, Joseph and Bengio, Yoshua},
      month = jun,
      title = {Theano: a {CPU} and {GPU} Math Expression Compiler},
  booktitle = {Proceedings of the Python for Scientific Computing Conference ({SciPy})},
       year = {2010},
   location = {Austin, TX},
       note = {Oral}
}

@inproceedings{collobert:2011c,
  title = {Torch7: A Matlab-like Environment for Machine Learning},
  author = {R. Collobert and K. Kavukcuoglu and C. Farabet},
  booktitle = {BigLearn, NIPS Workshop},
  year = {2011}
}

@article{wolpert:nn:1992,
  author = {D. Wolpert},
  title = {Stacked Generalization},
  journal = {Neural Networks},
  volume = 5,
  issue = 2,
  pages = {241--259},
  year = 1992
}

@article{pyramid,
    author = {Grauman, Kristen and Darrell, Trevor},
    journal = {Journal of Machine Learning Research},
    month = apr,
    pages = {725--760},
    title = {{The Pyramid Match Kernel: Efficient Learning with Sets of Features}},
    volume = {8},
    year = {2007}
}



@article{core,
    author = {A. Farhadi and I. Endres and D. Hoiem and D.A. Forsyth},
    journal = {CVPR},
    title = {{Describing Objects by their Attributes}},
    year = {2009}
}



@article{fel2009,
    author = {P. Felzenszwalb and R. Girshick and  D. McAllester and D. Ramanan},
    journal = {IEEE Pattern Analysis and Machine Intelligence (PAMI)},
    month = sept,
    title = {{Object Detection with Discriminatively Trained Part-Based Models}},
    year = {2009}
}



@article{kpca,
    address = {Cambridge, MA, USA},
    author = {Schoelkopf, Bernhard and Smola, Alexander J. and M\"{u}ller, Klaus R.},
    journal = {Advances in kernel methods: support vector learning},
    pages = {327--352},
    publisher = {MIT Press},
    title = {{Kernel principal component analysis}},
    year = {1999}
}

@article{intersection-kernel,
    author = {Barla, A. and Odone, F. and Verri, A.},
    journal = {International Conference on Image Processing (ICIP)},
    pages = {III--513-16 vol.2},
    title = {{Histogram intersection kernel for image classification}},
    volume = {3},
    year = {2003}
}

@article{intersection-kernel2,
author = {Subhransu Maji and Alexander C. Berg and Jitendra Malik},
title = {Classification using intersection kernel support vector machines is efficient},
journal ={Computer Vision and Pattern Recognition, IEEE Computer Society Conference on},
volume = {0},
isbn = {978-1-4244-2242-5},
year = {2008},
pages = {1-8},
doi = {http://doi.ieeecomputersociety.org/10.1109/CVPR.2008.4587630},
publisher = {IEEE Computer Society},
address = {Los Alamitos, CA, USA},
}

@article{textons,
  title={Recognizing surface using three-dimensional textons},
  author={Leung, T. and Malik, J.},
  journal = {Proc. of 7th Int'l Conf. on Computer Vision, Corfu, Greece},
  year = 1999,
}

@article{wang-simplicity,
  title={{SIMPLIcity: Semantics-sensitive integrated matching for picture libraries}},
  author={Wang, J. and Li, J. and Wiederholdy, G.},
  journal = {Transactions on Pattern Analysis and Machine Intelligence},
  year = 2001,
  pages={947--963},
}


@Article{crammer:pa,
  author = {K. Crammer and O. Dekel and J. Keshet and S. Shalev-Shwartz and Y. Singer},
  title  = {Online Passive-Aggressive Algorithms},
  journal= {Journal of Machine Learning Research},
  year   = 2006,
  volume = 7,
  pages  = {551--585}
}

@article{tibshirani1996regression,
  title={{Regression shrinkage and selection via the lasso}},
  author={Tibshirani, R.},
  journal={Journal of the Royal Statistical Society. Series B (Methodological)},
  volume={58},
  number={1},
  pages={267--288},
  year={1996},
  publisher={JSTOR}
}

@InProceedings{usunier:icml2009,
  author =    {Nicolas Usunier and David Buffoni and Patrick Gallinari},
  title =     {Ranking with Ordered Weighted Pairwise Classification},
  booktitle = {Proceedings of the 26th International Conference on Machine Learning},
  pages =     {1057--1064},
  year =      2009,
  editor =    {L\'{e}on Bottou and Michael Littman},
  address =   {Montreal},
  month =     {June},
  publisher = {Omnipress}
}


@InProceedings{usunier:icml2009-small,
  author =    {Nicolas Usunier and David Buffoni and Patrick Gallinari},
  title =     {Ranking with Ordered Weighted Pairwise Classification},
  booktitle = {ICML},
  pages =     {1057--1064},
  year =      2009,
  editor =    {L\'{e}on Bottou and Michael Littman},
  address =   {Montreal},
  month =     {June},
  publisher = {Omnipress}
}

@article{robbins_monro:1951,
  author = {Herbert Robbins and Sutton Monro},
  title = {A Stochastic Approximation Method},
  journal = {Annals of Mathematical Statistics},
  volume = {22},
  issue = {3},
  pages = {400â€“-407},
  year = 1951,
}

% only uses 4 keywords on the big dataset!
@inproceedings{Fergus:semisup,
title	=	{Semi-supervised Learning in Gigantic Image Collections},
author	 = 	 {Fergus, R. and Weiss, Y. and Torralba, A.},
year	=	2009,
booktitle	=	{Advances in Neural Information Processing Systems, 2009}
}

@article{topics,
  title={{Probabilistic topic models}},
  author={Steyvers, M. and Griffiths, T.},
  journal={Handbook of Latent Semantic Analysis},
  pages={424--440},
  year={2007},
  publisher={Lawrence Erlbaum}
}



@conference{tagprop,
  title={{Tagprop: Discriminative metric learning in nearest neighbor models for image auto-annotation}},
  author={Guillaumin, M. and Mensink, T. and Verbeek, J. and Schmid, C. and LEAR, I.G. and Kuntzmann, L.J.},
  year={2009},
  booktitle={ICCV}
}

@inproceedings{Fergus:small_codes,
  author = {Antonio B. Torralba and Robert Fergus and Yair Weiss},
  booktitle = {CVPR},
  publisher = {IEEE Computer Society},
  title = {Small codes and large image databases for recognition.},
  year = {2008},
  date = {2009-02-06}
}
% table 3 is worth linking to!

% only uses a few categories!
@InProceedings{Fergus05a,
	author = "Fergus, R. and Fei-Fei, L. and Perona, P. and Zisserman, A.",
        title = "Learning Object Categories from Google's Image Search.",
        booktitle = "Proceedings of the 10th International Conference on Computer Vision, Beijing, China",
	pages = "1816--1823",
        volume = "2",
        year = 2005,
        month = oct,
}



@inproceedings{psi,
title	=	{Polynomial semantic indexing},
author	 = 	 {Bing Bai and Jason Weston and David Grangier and Ronan Collobert and Kunihiko Sadamasa and Yanjun Qi and Corinna Cortes and Mehryar Mohri},
year	=	2009,
URL	=	{http://www.cs.nyu.edu/~mohri/pub/psi.pdf},
booktitle	=	{Advances in Neural Information Processing Systems (NIPS 2009)}
}

%booktitle	=	{NIPS 2009}





@article{grangier:2008:tpami-small,
  author = {David Grangier and Samy Bengio},
  title = {A Discriminative Kernel-based Model to Rank Images from Text Queries},
  volume = 30,
  number = 8,
  pages = {1371--1384},
  journal = {PAMI},
  year =  2008,
}

@inproceedings{imagenet_cvpr09,
  author = {Deng, J. and Dong, W. and Socher, R. and Li, L.-J. and Li, K. and Fei-Fei, L.},
  title = {{ImageNet: A Large-Scale Hierarchical Image Database}},
  booktitle = {IEEE Conference on Computer Vision and Pattern Recognition},
  year = 2009,
}

@book{wordnet:1998,
  editor = {Christiane Fellbaum},
  title = {{WordNet}: An Electronic Lexical Database},
  publisher = {MIT Press},
  year = 1998,
}

@techreport{caltech256,
Author = {G. Griffin and A. Holub and P. Perona},
Title = {Caltech-256 Object Category Dataset},
Institution = {California Institute of Technology},
    Year = {2007},
    URL = {http://authors.library.caltech.edu/7694},
    Number = {7694}
}

@misc{pascal-voc-2007,
  author = {M. Everingham and L. Van~Gool and C. K. I. Williams and J. Winn and A. Zisserman},
  title = {The {PASCAL} {V}isual {O}bject {C}lasses {C}hallenge 2007 {(VOC2007)}},
  year = 2007,
}

@article{grauman2007pyramid,
  title={{The pyramid match kernel: Efficient learning with sets of features}},
  author={Grauman, K. and Darrell, T.},
  journal={Journal of Machine Learning Research},
  volume={8},
  number={725-760},
  pages={7--8},
  year={2007}
}


@article{forsyth,
  title={{Unlabeled Data Improves Word Prediction}},
  author={Loeff, N. and Farhadi, A. and Endres, I. and Forsyth, D.A.},
   journal = {ICCV '09},
 year={2009}
}

@article{ando:2005,
   author = {R. K. Ando and T. Zhang},
   title = {A Framework for Learning Predictive Structures from Multiple Tasks and Unlabeled Data},
   year = {2005},
   volume = {6},
   pages = {1817--1953},
   month = {11},
   journal = {JMLR}
}

@article{tiny:2008,
  author = {A. Torralba and R. Fergus and W. T. Freeman},
  title = {80 million tiny images: a large dataset for non-parametric object and scene recognition},
  journal = {IEEE Transactions on Pattern Analysis and Machine Intelligence},
  volume = 30,
  issue = 11,
  pages = {1958--1970},
  year = 2008,
}

@inproceedings{makadia:2008,
  author = {A. Makadia and V. Pavlovic and S. Kumar},
  title = {A new baseline for image annotation},
  booktitle = {European conference on Computer Vision (ECCV)},
  year = 2008,
}

@article{DBLP:journals/ml/WestonBU10,
  author    = {Jason Weston and
               Samy Bengio and
               Nicolas Usunier},
  title     = {Large scale image annotation: learning to rank with joint
               word-image embeddings},
  journal   = {Machine Learning},
  volume    = {81},
  number    = {1},
  year      = {2010},
  pages     = {21-35},
  ee        = {http://dx.doi.org/10.1007/s10994-010-5198-3},
  bibsource = {DBLP, http://dblp.uni-trier.de}
}



@inproceedings{Cao-Sigir-06,
  author    = {Yunbo Cao and
               Jun Xu and
               Tie-Yan Liu and
               Hang Li and
               Yalou Huang and
               Hsiao-Wuen Hon},
  title     = {Adapting ranking SVM to document retrieval},
  booktitle = {Proceedings of the 29th Annual International
               ACM SIGIR Conference on Research and Development in Information
               Retrieval},
 pages = {186--193},
  year      = {2006},
  ee        = {http://doi.acm.org/10.1145/1148170.1148205},
  bibsource = {DBLP, http://dblp.uni-trier.de}
}


@inproceedings{Xia-08,
  author    = {Fen Xia and
               Tie-Yan Liu and
               Jue Wang and
               Wensheng Zhang and
               Hang Li},
  title     = {Listwise approach to learning to rank: theory and algorithm},
  booktitle = {Proceedings of the 25th International Conference on
                  Machine Learning},
  year      = {2008},
  ee        = {http://doi.acm.org/10.1145/1390156.1390306},
  bibsource = {DBLP, http://dblp.uni-trier.de}
}


@inproceedings{Yue-Sigir-07,
  author    = {Yisong Yue and
               Thomas Finley and
               Filip Radlinski and
               Thorsten Joachims},
  title     = {A support vector method for optimizing average precision},
  booktitle = {Proceedings of the 30th International ACM SIGIR
                  Conference on Research and Development in
                  Information Retrieval},
  year      = {2007},
 pages = {271--278},
  ee        = {http://doi.acm.org/10.1145/1277741.1277790},
  bibsource = {DBLP, http://dblp.uni-trier.de}
}
