@inproceedings{svm,
  title={A training algorithm for optimal margin classifiers},
  author={Boser, B.E. and Guyon, I.M. and Vapnik, V.N.},
  booktitle={Proceedings of the fifth annual workshop on Computational learning theory},
  pages={144--152},
  year={1992},
  organization={ACM}
}

@article{herbrich2000large,
  title={Large margin rank boundaries for ordinal regression},
  author={Herbrich, R. and Graepel, T. and Obermayer, K.},
  journal={Advances in large margin classifiers},
  volume={88},
  number={2},
  pages={115--132},
  year={2000},
  publisher={MIT Press}
}

@inproceedings{image-wsabie,
  author = {J. Weston and S. Bengio and N. Usunier},
  title = {Large Scale Image Annotation: Learning to Rank with Joint Word-Image Embeddings},
  booktitle = {International Joint Conference on Artificial Intelligence (IJCAI)},
  year = 2011,
}


@article{liblinear,
 author = {Fan, Rong-En and Chang, Kai-Wei and Hsieh, Cho-Jui and Wang, Xiang-Rui and Lin, Chih-Jen},
 title = {LIBLINEAR: A Library for Large Linear Classification},
 journal = {J. Mach. Learn. Res.},
 volume = {9},
 month = {June},
 year = {2008},
 pages = {1871--1874},
} 


@TechReport{LFWTech,
  author =       {Gary B. Huang and Manu Ramesh and Tamara Berg and 
                  Erik Learned-Miller},
  title =        {Labeled Faces in the Wild: A Database for Studying 
                  Face Recognition in Unconstrained Environments},
  institution =  {University of Massachusetts, Amherst},
  year =         2007,
  number =       {07-49},
  month =        {October}}

@inproceedings{freebase,
  author = {Kurt Bollacker and Colin Evans and Praveen Paritosh and Tim Sturge and Jamie Taylor},
  booktitle = {SIGMOD '08: Proceedings of the 2008 ACM SIGMOD international conference on Management of data},
  pages = {1247--1250},
  publisher = {ACM},
  title = {Freebase: a collaboratively created graph database for structuring human knowledge},
  year = 2008
}


@article{yago,
 author = {Suchanek, F. and Kasneci, G. and Weikum, G.},
 title = {YAGO: A Large Ontology from Wikipedia and WordNet},
 journal = {Web Semant.},
 volume = {6},
 issue = {3},
 --month = {September},
 year = {2008},
 --issn = {1570-8268},
 pages = {203--217},
 --numpages = {15},
 --url = {http://portal.acm.org/citation.cfm?id=1412759.1412998},
 --publisher = {Elsevier Science Publishers B. V.},
 --address = {Amsterdam, The Netherlands, The Netherlands}, 
} 

@inproceedings{yao2009image,
  title =	 {Image parsing with stochastic grammar: The Lotus
                  Hill dataset and inference scheme},
  author =	 {Yao, B. and Yang, X. and Wu, T.},
  booktitle =	 {Computer Vision and Pattern Recognition Workshops,
                  2009. CVPR Workshops 2009},
  pages =	 {8--8},
  organization = {IEEE},
  year={2009}
}

@article{lsvm-pami,
  title = "Object Detection with Discriminatively Trained Part Based Models",
    author = "Felzenszwalb, P. F. and Girshick, R. B. and McAllester, D. and Ramanan, D.",
      journal = "IEEE Transactions on Pattern Analysis and Machine Intelligence",
        year = "2010", volume = "32", number = "9", pages = "1627--1645"}

@inproceedings{usunier,
 author = {Usunier, Nicolas and Buffoni, David and Gallinari, Patrick},
 title = {Ranking with ordered weighted pairwise classification},
 booktitle = {Proceedings of the 26th Annual International Conference on Machine Learning},
 --series = {ICML '09},
 year = {2009},
 --isbn = {978-1-60558-516-1},
 --location = {Montreal, Quebec, Canada},
 pages = {1057--1064},
 --numpages = {8},
 --url = {http://doi.acm.org/10.1145/1553374.1553509},
 --doi = {http://doi.acm.org/10.1145/1553374.1553509},
 --acmid = {1553509},
 --publisher = {ACM},
 --address = {New York, NY, USA},
} 


@article{labelme,
  author =	 {Russell, Bryan C. and Torralba, Antonio and Murphy,
                  Kevin P. and Freeman, William T.},
  title =	 {LabelMe: A Database and Web-Based Tool for Image
                  Annotation},
  journal =	 {Int. J. Comput. Vision},
  volume =	 {77},
  issue =	 {1-3},
  --month =	 {May},
  year =	 {2008},
  --issn =	 {0920-5691},
  pages =	 {157--173}
} 
@inproceedings{imagenet,
  AUTHOR =	 {Deng, J. and Dong, W. and Socher, R. and Li,
                  L.-J. and Li, K. and Fei-Fei, L.},
  TITLE =	 {{ImageNet: A Large-Scale Hierarchical Image
                  Database}},
  BOOKTITLE =	 {CVPR09},
  YEAR =	 {2009},
  --BIBSOURCE =	 "http://www.image-net.org/papers/imagenet_cvpr09.bib"
}
@article{crandall2006weakly,
  title =	 {Weakly supervised learning of part-based spatial
                  models for visual object recognition},
  author =	 {Crandall, D. and Huttenlocher, D.},
  journal =	 {Computer Vision--ECCV 2006},
  pages =	 {16--29},
  year =	 {2006},
  publisher =	 {Springer}
}
@article{agarwal2004learning,
  title =	 {Learning to detect objects in images via a sparse,
                  part-based representation},
  author =	 {Agarwal, S. and Awan, A. and Roth, D.},
  journal =	 {Pattern Analysis and Machine Intelligence, IEEE
                  Transactions on},
  volume =	 {26},
  number =	 {11},
  pages =	 {1475--1490},
  year =	 {2004},
  publisher =	 {IEEE}
}

@inproceedings{Yao:2007,
  author =	 {Yao, B. and Yang, X. and Zhu, {S.-C.}},
  title =	 {Introduction to a large-scale general purpose ground
                  truth database: methodology, annotation tool and
                  benchmarks},
  booktitle =	 {Proceedings of the 6th international conference on
                  Energy minimization methods in computer vision and
                  pattern recognition},
  --series =	 {EMMCVPR'07},
  year =	 {2007},
  location =	 {Ezhou, China},
  pages =	 {169--183},
  --publisher =	 {Springer-Verlag},
} 


#AAAI citations

@ARTICLE{Bengio-scholarpedia-2007,
  author =	 {Bengio, Yoshua},
  title =	 {Neural net language models},
  journal =	 {Scholarpedia},
  volume =	 {3},
  number =	 {1},
  year =	 {2008},
  pages =	 {3881},
}

@inproceedings{Ng:2002,
  author =	 {Ng, Vincent and Cardie, Claire},
  title =	 {Improving machine learning approaches to coreference
                  resolution},
  booktitle =	 {Proc. of ACL'02},
  --series =	 {ACL '02},
  year =	 {2002},
  --location =	 {Philadelphia, Pennsylvania},
  pages =	 {104--111},
  numpages =	 {8},
  --publisher =	 {Association for Computational Linguistics},
  --address =	 {Stroudsburg, PA, USA},
} 

@article{robbins_monro:1951,
  author =	 {Herbert Robbins and Sutton Monro},
  title =	 {A Stochastic Approximation Method},
  journal =	 {Annals of Mathematical Statistics},
  volume =	 {22},
  issue =	 {3},
  pages =	 {400â€“-407},
  year =	 1951,
}

@InProceedings{snow-EtAl:2007,
  author =	 {Snow, Rion and Prakash, Sushant and Jurafsky, Daniel
                  and Ng, Andrew Y.},
  title =	 {Learning to Merge Word Senses},
  booktitle =	 {Proceedings of EMNLP'07},
  --month =	 {June},
  year =	 {2007},
  --address =	 {Prague, Czech Republic},
  --publisher =	 {Association for Computational Linguistics},
  pages =	 {1005--1014},
  --url =	 {http://www.aclweb.org/anthology/D/D07/D07-1107}
}

@article{Davis:1993,
  author =	 {Davis, Randall and Shrobe, Howard and Szolovits,
                  Peter},
  title =	 {What is a Knowledge Representation?},
  journal =	 {{AI} Magazine},
  volume =	 {14},
  number =	 {1},
  pages =	 {17--33},
  year =	 {1993}
}

@ARTICLE{Bengio-2009,
  author =	 {Bengio, Yoshua},
  title =	 {Learning deep architectures for {AI}},
  journal =	 {Foundations and Trends in Machine Learning},
  volume =	 {2},
  number =	 {1},
  year =	 {2009},
  pages =	 {1--127},
  note =	 {Also published as a book. Now Publishers, 2009.},
  --doi =	 {10.1561/2200000006},
}


@inproceedings{carlson:2010,
  Title =	 {Toward an Architecture for Never-Ending Language
                  Learning},
  Author =	 {Andrew Carlson and Justin Betteridge and Bryan
                  Kisiel and Burr Settles and Estevam R. Hruschka
                  Jr. and Tom M. Mitchell},
  Booktitle =	 {Proceedings of the 24th Conference on Artificial
                  Intelligence (AAAI 2010)},
  Year =	 {2010}
}

@inproceedings{Sutskever:2009,
  title =	 {Modelling Relational Data using Bayesian Clustered
                  Tensor Factorization},
  author =	 {Sutskever, Ilya and Salakhutdinov, Ruslan and
                  Tenenbaum, Josh},
  booktitle =	 {NIPS 22},
  year =	 2009
}

@inproceedings{Singh:2008,
  author =	 {Singh, Ajit P. and Gordon, Geoffrey J.},
  title =	 {Relational learning via collective matrix
                  factorization},
  booktitle =	 {Proc. of SIGKDD'08},
  --series =	 {KDD '08},
  year =	 {2008},
  --isbn =	 {978-1-60558-193-4},
  --location =	 {Las Vegas, Nevada, USA},
  pages =	 {650--658},
  --numpages =	 {9},
  --url =	 {http://doi.acm.org/10.1145/1401890.1401969},
  --doi =	 {http://doi.acm.org/10.1145/1401890.1401969},
  --acmid =	 {1401969},
  --publisher =	 {ACM},
  --address =	 {New York, NY, USA},
  --keywords =	 {matrix factorization, relational learning,
                  stochastic approximation},
} 

@article{Vilhelm:2000,
  author =	 {Vilhelm, Christian and Ravaux, Pierre and Calvelo,
                  Daniel and Jaborska, Alexandre and Chambrin,
                  Marie-Christine and Boniface, Michel},
  title =	 {Think!: a unified numerical-symbolic knowledge
                  representation scheme and reasoning system},
  journal =	 {Artif. Intell.},
  volume =	 {116},
  issue =	 {1-2},
  --month =	 {January},
  year =	 {2000},
  --issn =	 {0004-3702},
  pages =	 {67--85},
  --numpages =	 {19},
  --url =	 {http://portal.acm.org/citation.cfm?id=330778.330783},
  --doi =	 {10.1016/S0004-3702(99)00095-8},
  --acmid =	 {330783},
  --publisher =	 {Elsevier Science Publishers Ltd.},
  --address =	 {Essex, UK},
  --keywords =	 {knowledge representation, numeric reasoning,
                  symbolic reasoning, truth propagation},
} 

@InProceedings{MA:2010,
  author =	 {Jianbing Ma and Weiru Liu and Anthony Hunter},
  title =	 {Inducing Probability Distributions from Knowledge
                  Bases with (In)dependence Relations},
  conference =	 {AAAI Conference on Artificial Intelligence},
  year =	 {2010},
  --keywords =	 {Knowledge Bases; Belief Merging; Probability
                  Distribution; Principle of Indifference},
  --abstract =	 {When merging belief sets from different agents, the
                  result is normally a consistent belief set in which
                  the inconsistency between the original sources is
                  not represented. As probability theory is widely
                  used to represent uncertainty, an interesting
                  question therefore is whether it is possible to
                  induce a probability distribution when merging
                  belief sets. To this end, we first propose two
                  approaches to inducing a probability distribution on
                  a set of possible worlds, by extending the principle
                  of indifference on possible worlds. We then study
                  how the (in)dependence relations between atoms can
                  influence the probability distribution. We also
                  propose a set of properties to regulate the merging
                  of belief sets when a probability distribution is
                  output. Furthermore, our merging operators satisfy
                  the well known Konieczny and Pino-Perez postulates
                  if we use the set of possible worlds which have the
                  maximal induced probability values. Our study shows
                  that taking an induced probability distribution as a
                  merging result can better reflect uncertainty and
                  inconsistency among the original knowledge bases.},
  --url =
                  {http://www.aaai.org/ocs/index.php/AAAI/AAAI10/paper/view/1716/1987}
}

@article{McRoy:1992,
  author =	 {McRoy, Susan W.},
  title =	 {Using multiple knowledge sources for word sense
                  discrimination},
  journal =	 {Computatinal Linguistics},
  --issue_date = {March 1992},
  volume =	 {18},
  issue =	 {1},
  --month =	 {March},
  year =	 {1992},
  -issn =	 {0891-2017},
  pages =	 {1--30},
  --numpages =	 {30},
  --url =	 {http://portal.acm.org/citation.cfm?id=146680.146683},
  --acmid =	 {146683},
  --publisher =	 {MIT Press},
  --address =	 {Cambridge, MA, USA},
} 

@inproceedings{Naseem:2010,
  author =	 {Naseem, Tahira and Chen, Harr and Barzilay, Regina
                  and Johnson, Mark},
  title =	 {Using universal linguistic knowledge to guide
                  grammar induction},
  booktitle =	 {Proceedings of the 2010 Conference on Empirical
                  Methods in Natural Language Processing},
  --series =	 {EMNLP '10},
  year =	 {2010},
  --location =	 {Cambridge, Massachusetts},
  pages =	 {1234--1244},
  --numpages =	 {11},
  --url =
                  {http://portal.acm.org/citation.cfm?id=1870658.1870778},
  --acmid =	 {1870778},
  --publisher =	 {Association for Computational Linguistics},
  --address =	 {Stroudsburg, PA, USA},
} 

@incollection{Buckner:2002,
  author =	 {B\"uckner, J. and Pahl, M. and Stahlhut, O. and
                  Liedtke, C.},
  --affiliation ={University of Hannover Institut fÃ¼r Theoretische
                  Nachrichtentechnik und Informationsverarbeitung
                  (TNT) Germany},
  title =	 {A Knowledge-Based System for Context Dependent
                  Evaluation of Remote Sensing Data},
  booktitle =	 {Pattern Recognition},
  series =	 {Lecture Notes in Computer Science},
  --editor =	 {Van Gool, Luc},
  --publisher =	 {Springer Berlin / Heidelberg},
  --isbn =	 {},
  pages =	 {58-65},
  volume =	 {2449},
  --url =	 {http://dx.doi.org/10.1007/3-540-45783-6_8},
  --note =	 {10.1007/3-540-45783-6_8},
  year =	 {2002}
}


@article{Weston:2010,
  author =	 {Weston, Jason and Bengio, Samy and Usunier, Nicolas},
  title =	 {Large scale image annotation: learning to rank with
                  joint word-image embeddings},
  journal =	 {Machine Learning},
  volume =	 {81},
  issue =	 {1},
  --month =	 {October},
  year =	 {2010},
  --issn =	 {0885-6125},
  pages =	 {21--35},
  --numpages =	 {15},
  --url =	 {http://dx.doi.org/10.1007/s10994-010-5198-3},
  --doi =	 {http://dx.doi.org/10.1007/s10994-010-5198-3},
  --acmid =	 {1842818},
  --publisher =	 {Kluwer Academic Publishers},
  --address =	 {Hingham, MA, USA},
  --keywords =	 {Embedding, Image annotation, Large scale, Learning
                  to rank},
} 

@inproceedings{bordes:10,
  author =	 {Bordes, Antoine and Usunier, Nicolas and Collobert,
                  Ronan and Weston, Jason},
  title =	 {Towards Understanding Situated Natural Language},
  booktitle =	 {Proceedings of the 13th International Conference on
                  Artificial Intelligence and Statistics},
  year =	 {2010},
  volume =	 {9},
  --publisher =	 {JMLR},
  pages =	 {65-72}
}

@article{Craven:2000,
  title =	 "Learning to construct knowledge bases from the World
                  Wide Web",
  journal =	 "Artificial Intelligence",
  volume =	 "118",
  number =	 "1-2",
  pages =	 "69 - 113",
  year =	 "2000",
  --note =	 "",
  --issn =	 "0004-3702",
  --doi =	 "DOI: 10.1016/S0004-3702(00)00004-7",
  --url =
                  "http://www.sciencedirect.com/science/article/B6TYF-43FX0XK-3/2/8610b9d209e3e80a5ea6dfb53abdd711",
  author =	 "Mark Craven and Dan DiPasquo and Dayne Freitag and
                  Andrew McCallum and Tom Mitchell and Kamal Nigam and
                  SeÃ¡n Slattery",
}



#BELOW BABI citations

@InProceedings{ge-mooney09,
  author =	 {Ge, R. and Mooney, R. J.},
  title =	 {Learning a Compositional Semantic Parser using an
                  Existing Syntactic Parser},
  booktitle =	 {ACL '09},
  --month =	 {August},
  year =	 {2009},
  --address =	 {Suntec, Singapore},
  --publisher =	 {Association for Computational Linguistics},
  --pages =	 {611--619},
  --url =	 {http://www.aclweb.org/anthology/P/P09/P09-1069}
}

@article{kcca,
  title =	 {{Using KCCA for Japanese--English cross-language
                  information retrieval and document classification}},
  author =	 {Li, Y. and Shawe-Taylor, J.},
  journal =	 {Journal of intelligent information systems},
  volume =	 {27},
  number =	 {2},
  pages =	 {117--133},
  year =	 {2006},
  publisher =	 {Springer}
}


@InProceedings{zettlemoyer09,
  author =	 {Zettlemoyer, L. and Collins, M.},
  title =	 {Learning Context-Dependent Mappings from Sentences
                  to Logical Form},
  booktitle =	 {ACL '09},
  --month =	 {August},
  year =	 {2009},
  --address =	 {Suntec, Singapore},
  --publisher =	 {Association for Computational Linguistics},
  --pages =	 {976--984},
  --url =	 {http://www.aclweb.org/anthology/P/P09/P09-1110}
}



@InProceedings{branavan09,
  author =	 {Branavan, S.R.K. and Chen, H. and Zettlemoyer,
                  L. and Barzilay, R.},
  title =	 {Reinforcement Learning for Mapping Instructions to
                  Actions},
  booktitle =	 {ACL '09},
  --month =	 {August},
  year =	 {2009},
  --address =	 {Suntec, Singapore},
  --publisher =	 {Association for Computational Linguistics},
  --pages =	 {82--90},
  --url =	 {http://www.aclweb.org/anthology/P/P09/P09-1010}
}



@inproceedings{Snyder07,
  author =	 {Snyder, B. and Barzilay, R.},
  title =	 {Database-text alignment via structured multilabel
                  classification},
  booktitle =	 {In Proc. of the International Joint Conference on
                  Artificial Intelligence},
  year =	 {2007},
  pages =	 {1713--1718}
}



@inproceedings{liang09semantics,
  title =	 {Learning Semantic Correspondences with Less
                  Supervision},
  author =	 {P. Liang and M. I. Jordan and D. Klein},
  booktitle =	 {ACL '09},
  year =	 {2009},
}

@conference {assert,
  title =	 {{Shallow Semantic Parsing using Support Vector
                  Machines}},
  author =	 {Sameer S. Pradhan and Wayne Ward and Kadri Hacioglu
                  and James H. Martin and Daniel Jurafsky},
  journal =	 {HLT/NAACL '04},
  year =	 2004,
}

@conference{laso,
  author =	 {{Daum\'e III}, H. and Marcu, D.},
title =        {{Learning as Search Optimization: Approximate Large Margin Methods for Structured Prediction}},
  booktitle =    {ICML '05},
  year =         {2005},
  --address =      {Bonn, Germany},
  --url = {http://pub.hal3.name/#daume05laso}
}

@inproceedings { hadsell,
original = "orig/hadsell-chopra-lecun-06.pdf",
author = "Hadsell, Raia and Chopra, Sumit and LeCun, Yann",
title = "Dimensionality Reduction by Learning an Invariant Mapping",
booktitle = "Proc. Computer Vision and Pattern Recognition Conference (CVPR'06)",
--publisher = "IEEE Press",
year = 2006
}

@incollection { bromley-94,
original =    "orig/bromley-94.djvu",
author =	"Bromley, J. and Guyon, I. and LeCun, Y. and Sackinger, E. and Shah, R.",
title =		"Signature Verification using a Siamese Time Delay Neural Network",
booktitle =	"Advances in Neural Information Processing Systems", 
volume =	6, 
publisher =	"Morgan Kaufmann",
editor = 	"Cowan, J. and Tesauro, G.",
year =		1993
}


@article{boser1992tao,
  title={{A training algorithm for optimal margin classifiers}},
  author={Boser, B.E. and Guyon, I.M. and Vapnik, V.N.},
  journal={Proceedings of the fifth annual workshop on Computational learning theory},
  pages={144--152},
  year={1992},
  publisher={ACM Press New York, NY, USA}
}

@Book{vapnik98,
  author = 	 {Vladimir N. Vapnik},
  title = 	 {Statistical Learning Theory},
  publisher = 	 {John Wiley and Sons, New York},
  year = 	 {1998}
}


@conference{svmstruct-icml,
  title={{Support vector machine learning for interdependent and structured output spaces}},
  author={Tsochantaridis, I. and Hofmann, T. and Joachims, T. and Altun, Y.},
  booktitle={ICML '04},
  year={2004},
  --organization={ACM New York, NY, USA}
}

@article{svmstruct,
 title = {{Large Margin Methods for Structured and
          Interdependent Output Variables}},
 author = {Tsochantaridis, I. and Joachims, T. 
           and Hofmann, T. and Altun, Y.},
 year = {2005},
 journal =  {JMLR},
 pages = {1453--1484},
 volume = {6}
}

@article{bengio03,
   title={A Neural Probabilistic Language Model},
   author={Bengio, Y. and Ducharme, R. and Vincent, P. and Jauvin, C.}, 
   journal={JMLR},
   pages={1137--1155}, 
   year={2003},
   volume = {3}
}

@book{russell1995aim,
  title={{Artificial intelligence: a modern approach}},
  author={Russell, S.J. and Norvig, P. and Canny, J.F. and Malik, J. and Edwards, D.D.},
  year={1995},
  publisher={Prentice Hall Englewood Cliffs, NJ}
}

@book{dialogue1,
  title={{Natural language understanding}},
  author={Allen, J.},
  year={1995},
  publisher={Benjamin-Cummings Publishing Co.}
}


@article{coref1,
  title={{A Machine Learning Approach to Coreference Resolution of Noun Phrases}},
  author={Soon, W.M. and Ng, H.T. and Lim, D.C.Y.},
  journal={Computational Linguistics},
  volume={27},
  number={4},
  pages={521--544},
  year={2001},
  --publisher={MIT Press}
}


@conference{unified_nlp,
  title={{A Unified Architecture for Natural Language Processing: Deep Neural Networks with Multitask Learning}},
  author={Collobert, R. and Weston, J.},
  booktitle =    {ICML '08},
  year =         {2008},
}
  --address = {Helsinki, Finland}


@conference{propbank,
  title={{From Treebank to PropBank}},
  author={Kingsbury, P. and Palmer, M.},
  booktitle={Proc. of the 3rd International Conference on Language Resources and Evaluation},
  --pages={1989--1993},
  year={2002}
}


@conference{yu2004igl,
  title={{On the Integration of Grounding Language and Learning Objects}},
  author={Yu, C. and Ballard, D.H.},
  booktitle={AAAI '04},
  --pages={488--494},
  year={2004},
}
  --organization={Menlo Park, CA; Cambridge, MA; London; AAAI Press; MIT Press; 1999}

@conference{fleischman2007smm,
  title={{Situated Models of Meaning for Sports Video Retrieval}},
  author={Fleischman, M. and Roy, D.},
  booktitle={HLT/NAACL '07},
  year={2007}
}

@conference{sameer2004ssp,
  title={{Shallow Semantic Parsing Using Support Vector Machines}},
  author={Sameer, P. and Ward, W. and Hacioglu, K. and Martin, J. and Jurafsky, D.},
  booktitle={HLT/NAACL '04},
  year={2004}
}

@conference{zettlemoyer2005lms,
  title={{Learning to Map sentences to Logical Form: Structured 
Classification with Probabilistic Categorial Grammars}},
  author={Zettlemoyer, L.S. and Collins, M.},
  booktitle={UAI '05},
  year={2005}
}



@conference{kate2007lls,
  title={{Learning Language Semantics from Ambiguous Supervision}},
  author={Kate, R.J. and Mooney, R.J.},
  booktitle={AAAI '07},
  --volume={22},
  --number={1},
  --pages={895},
  year={2007},
 --organization={Menlo Park, CA; Cambridge, MA; London; AAAI Press; MIT Press; 1999}
}


@conference{chen:lst,
  title={{Learning to Sportscast: A Test of Grounded Language Acquisition}},
  author={Chen, D.L. and Mooney, R.J.},
  booktitle =    {ICML '08},
  year =         {2008},
  --address = {Helsinki, Finland}
}

@conference{wong2007lsg,
  title={{Learning Synchronous Grammars for Semantic Parsing with Lambda Calculus}},
  author={Wong, Y.W. and Mooney, R.},
  booktitle={ACL '07},
  --volume={45},
  --pages={960},
  year={2007}
}


@conference{fleischman2005ics,
  title={{Intentional Context in Situated Language Learning}},
  author={Fleischman, M. and Roy, D.},
  booktitle={9th Conference on Computational Natural Language Learning},
  --address={Ann Arbor, MI.},
  year={2005}
}


@conference{Mooney08,
  author    = {Raymond J. Mooney},
  title     = {{Learning to Connect Language and Perception}},
  booktitle = {AAAI},
  year      = {2008},
  --pages     = {1598-1601},
  --bibsource = {DBLP, http://dblp.uni-trier.de}
}

 
@article{harnad90,
  title={{The Symbol Grounding Problem}},
  author={Harnad, S.},
  journal={Physica D},
  volume={42},
  number={1-3},
  pages={335--346},
  year={1990}
}


@article{siskind1994glp,
  title={{Grounding Language in Perception}},
  author={Siskind, J.M.},
  journal={Artificial Intelligence Review},
  volume={8},
  number={5},
  pages={371--391},
  year={1994},
  --publisher={Springer}
}

@article{wordnet,
  title={{WordNet: a Lexical Database for English}},
  author={Miller, G.A.},
  journal={Communications of the ACM},
  volume={38},
  number={11},
  pages={39--41},
  year={1995},
  --publisher={ACM New York, NY, USA}
}

@article{barnard05ai,
 title = {{Word Sense Disambiguation with Pictures}},
 author = {Barnard, K. and Johnson, M.},
 journal = {Artificial Intelligence},
 volume = {167},
 number = {1-2},
 year = {2005},
 --issn = {0004-3702},
--pages = {13--30},
 --doi = {http://dx.doi.org/10.1016/j.artint.2005.04.009},
 --publisher = {Elsevier Science Publishers Ltd.},
 --address = {Essex, UK},
 }

@article{roy05ai,
 title = {{Connecting Language to the World}},
 author = {Roy, D. and Reiter, E.},
 booktitle = {Connecting Language to the World},
 journal = {Artificial Intelligence},
 --month = {September},
 number = {1-2},
 pages = {1--12},
 volume = 167,
 year = 2005,
 --publisher = {Elsevier Science Publishers Ltd.},
 --address = {Essex, UK},
}


@article{feldman1996ffy,
  title={{L 0-The first five years of an automated language acquisition project}},
  author={Feldman, J. and Lakoff, G. and Bailey, D. and Narayanan, S. and Regier, T. and Stolcke, A.},
  journal={Artificial Intelligence Review},
  volume={10},
  number={1},
  pages={103--129},
  year={1996},
  --publisher={Springer}
}

 
@book{winograd1972unl,
  title={{Understanding natural language}},
  author={Winograd, T. and Barbour, M.G. and Stocking, C.R.},
  year={1972},
  publisher={Academic Press}
}


@article{winston,
  title={{The psychology of computer vision}},
  author={Winston, P.H.},
  journal={Pattern Recognition},
  volume={8},
  number={3},
  pages={193--193},
  year={1976},
  --publisher={Elsevier}
}


@article{thibadeau1986apa,
  title={{Artificial perception of actions}},
  author={Thibadeau, R.},
  journal={Cognitive Science},
  volume={10},
  number={2},
  pages={117--149},
  year={1986},
  --publisher={Elsevier}
}


@conference{collins2004ipp,
  title={{Incremental parsing with the perceptron algorithm}},
  author={Collins, M. and Roark, B.},
  booktitle={ACL '04},
  year={2004},
  --organization={Association for Computational Linguistics Morristown, NJ, USA}
}


@conference{shen2007glb,
  author    = {Shen, L.  and  Satta, G.  and  Joshi, A.},
  title     = {{Guided Learning for Bidirectional Sequence Classification}},
  booktitle = {ACL '07},
  --month     = {June},
  year      = {2007},
  --address   = {Prague, Czech Republic},
  --publisher = {Association for Computational Linguistics},
  --pages     = {760--767},
  --url       = {http://www.aclweb.org/anthology/P07-1096}
}

@conference{monay2004plsa,
  title={{PLSA-based image auto-annotation: constraining the latent space}},
  author={Monay, F. and Gatica-Perez, D.},
  booktitle={Proceedings of the 12th annual ACM international conference on Multimedia},
  pages={348--351},
  year={2004},
  organization={ACM New York, NY, USA}
}

@conference{zhou2007semi,
  title={{Semi-supervised learning with very few labeled training examples}},
  author={Zhou, Z.H. and Zhan, D.C. and Yang, Q.},
  booktitle={Proceedings of the National Conference on Artificial Intelligence},
  volume={22},
  pages={675},
  year={2007},
  organization={AAAI Press; MIT Press; 1999}
}

@article{grangier:2008:tpami,
  author = {David Grangier and Samy Bengio},
  title = {A Discriminative Kernel-based Model to Rank Images from Text Queries},
  volume = 30,
  number = 8,
  pages = {1371--1384},
  journal = {Transactions on Pattern Analysis and Machine Intelligence},
  year =  2008,
}



@InProceedings{Espinace10ICRA,
  author = 	 {P. Espinace and T. Kollar and A. Soto and N. Roy},
  title = 	 {Indoor Scene Recognition Through Object Detection},
  booktitle = 	 {Proceedings of the IEEE International Conference on Robotics and Automation (ICRA)},
  year =	 {2010},
  address =	 {Anchorage, AK},
}
  

@article{Gao10,
    title = {Local Features Are Not Lonely â€“ Laplacian Sparse Coding for Image Classification},
    author = {S. Gao and I. Tsang and L. Chia and  P. Zhao},
    journal ={IEEE Conference on Computer Vision and Pattern Recognition},
    year = {2010},
    publisher = {IEEE Computer Society}
    }



@article{Hofmann:2001,
 author = {Hofmann, Thomas},
 title = {Unsupervised Learning by Probabilistic Latent Semantic Analysis},
 journal = {Mach. Learn.},
 volume = {42},
 issue = {1-2},
 month = {January},
 year = {2001},
 pages = {177--196},
 publisher = {Kluwer Academic Publishers},
} 

@inproceedings{Xiao:2010,
    abstract = {Scene categorization is a fundamental problem in computer vision. However, scene understanding research has been constrained by the limited scope of currently-used databases which do not capture the full variety of scene categories. Whereas standard databases for object categorization contain hundreds of different classes of objects, the largest available dataset of scene categories contains only 15 classes. In this paper we propose the extensive Scene {UNderstanding} ({SUN}) database that contains 899 categories and 130,519 images. We use 397 well-sampled categories to evaluate numerous state-of-the-art algorithms for scene recognition and establish new bounds of performance. We measure human scene classification performance on the {SUN} database and compare this with computational methods. Additionally, we study a finer-grained scene representation to detect scenes embedded inside of larger scenes.},
    author = {Xiao, Jianxiong and Hays, James and Ehinger, Krista A. and Oliva, Aude and Torralba, Antonio},
    booktitle = {IEEE Conference on Computer Vision and Pattern Recognition (CVPR)},
    location = {San Francisco, CA, USA},
    month = jun,
    pages = {3485--3492},
    publisher = {IEEE},
    title = {{SUN} database: Large-scale scene recognition from abbey to zoo},
    year = {2010}
}

@article{Lazebnik06,
author = {S. Lazebnik and C. Schmid and J. Ponce},
title = {Beyond bags of features: Spatial pyramid matching for recognizing natural scene categories},
journal ={IEEE Conference on Computer Vision and Pattern Recognition},
year = {2006},
publisher = {IEEE Computer Society},
}



@article{Serre05,
author = {T. Serre and L. Wolf and T. Poggio},
title = {Object recognition with features inspired by visual cortex},
journal = {IEEE Conference on Computer Vision and Pattern Recognition},
year = {2005},
publisher = {IEEE Computer Society},
}

@article{Pandey11,
author = {M. Pandey and S. Lazebnik},
title = {Scene Recognition and Weakly Supervised Object Localization with Deformable Part-Based Models},
journal = {ICCV},
year = {2011},
publisher = {IEEE Computer Society},
}

@article{Csurka04,
author = {G. Csurka, C. Bray, C. Dance and L. Fan},
title =  {Visual categorization with bags of keypoints},
journal = {Workshop on Statistical Learning in Computer Vision (ECCV)},
year={2004}
}




@article{Farhadi:2009,
author = {A. Farhadi and I. Endres and D. Hoiem and D. Forsyth},
title = {Describing objects by their attributes},
journal ={IEEE Conference on Computer Vision and Pattern Recognition},
year = {2009},
pages = {1778-1785},
publisher = {IEEE Computer Society},
}




@inproceedings{LiSuLimFeiFei,
author = {Li-Jia Li, Hao Su, Yongwhan Lim and Li Fei-Fei},
title = {Objects as Attributes for Scene Classification},
booktitle = {European Conference of Computer Vision (ECCV), International Workshop on Parts and Attributes},
year = {2010},
month = {September},
address = {Crete, Greece}
}


@inproceedings{Bosh:2006,
    author = {Bosch, Anna and Zisserman, Andrew and Mu\~{n}oz, Xavier},
    booktitle = {In Proc. ECCV},
    pages = {517--530},
    title = {Scene classification via pLSA},
    year = {2006}
}

@Inproceedings {Vogel:2004,
   title = {Natural Scene Retrieval based on a Semantic Modeling Step},
   journal = {International Conference on Image and Video Retrieval CIVR 2004, Dublin, Ireland, LNCS},
   year = {2004},
   month = {7},
   volume = {3115},
   booktitle = {Proceeedings of the International Conference on Image and Video Retrieval CIVR 2004, Dublin, Ireland, LNCS},
   author = {Vogel, J and Schiele, B}
}


@article{Vogel:2007,
 author = {Vogel, Julia and Schiele, Bernt},
 title = {Semantic Modeling of Natural Scenes for Content-Based Image Retrieval},
 journal = {Int. J. Comput. Vision},
 volume = {72},
 issue = {2},
 month = {April},
 year = {2007},
 pages = {133--157},
 numpages = {25},
 publisher = {Kluwer Academic Publishers},
} 


@inproceedings{Szummer:1998,
 author = {Szummer, Martin and Picard, Rosalind W.},
 title = {Indoor-Outdoor Image Classification},
 booktitle = {Proceedings of the 1998 International Workshop on Content-Based Access of Image and Video Databases (CAIVD '98)},
 series = {CAIVD '98},
 year = {1998},
 publisher = {IEEE Computer Society},
} 

@inproceedings{FeiFei:2005,
 author = {Fei-Fei, Li and Perona, Pietro},
 title = {A Bayesian Hierarchical Model for Learning Natural Scene Categories},
 booktitle = {Proceedings of the 2005 IEEE Computer Society Conference on Computer Vision and Pattern Recognition (CVPR'05) - Volume 2 - Volume 02},
 series = {CVPR '05},
 year = {2005},
 pages = {524--531},
 numpages = {8},
 publisher = {IEEE Computer Society},
} 



@article{Smeulders:2000,
 author = {Smeulders, Arnold W. M. and Worring, Marcel and Santini, Simone and Gupta, Amarnath and Jain, Ramesh},
 title = {Content-Based Image Retrieval at the End of the Early Years},
 journal = {IEEE Trans. Pattern Anal. Mach. Intell.},
 volume = {22},
 issue = {12},
 month = {December},
 year = {2000},
 pages = {1349--1380},
 numpages = {32},
 publisher = {IEEE Computer Society},
} 



@article{liblinear,
 author = {Fan, Rong-En and Chang, Kai-Wei and Hsieh, Cho-Jui and Wang, Xiang-Rui and Lin, Chih-Jen},
 title = {LIBLINEAR: A Library for Large Linear Classification},
 journal = {J. Mach. Learn. Res.},
 volume = {9},
 month = {June},
 year = {2008},
 pages = {1871--1874},
} 


@article{Malik04,
 author = {L. Reniger and J. Malik},
 title = {When is scene identification just texture recognition ?},
 journal = {Vision Research},
 volume = {44},
 year = {2004},
 pages = {2301--2311},
} 


@article{Ulrich00,
 author = {I. Ulrich and I. Nourbaksh},
 title = {Appearance-based place recognition for topological localization},
 journal = {IEEE-ICRA},
 month = {April},
 year = {2000},
 pages = {1023--1029},
} 


@article{Oliva01,
 author = {A. Oliva and A. Torralba},
 title = {Modeling the shape pf the scene: A holistic representation of the spatial envelope}, 
 journal = {International Journal of Computer Vision},
 volume = {42},
 number = {3},
 year = {2001},
 pages = {145--175},
} 






@TechReport{LFWTech,
  author =       {Gary B. Huang and Manu Ramesh and Tamara Berg and 
                  Erik Learned-Miller},
  title =        {Labeled Faces in the Wild: A Database for Studying 
                  Face Recognition in Unconstrained Environments},
  institution =  {University of Massachusetts, Amherst},
  year =         2007,
  number =       {07-49},
  month =        {October}}

@inproceedings{freebase,
  author = {Kurt Bollacker and Colin Evans and Praveen Paritosh and Tim Sturge and Jamie Taylor},
  booktitle = {SIGMOD '08: Proceedings of the 2008 ACM SIGMOD international conference on Management of data},
  pages = {1247--1250},
  publisher = {ACM},
  title = {Freebase: a collaboratively created graph database for structuring human knowledge},
  year = 2008
}


@article{yago,
 author = {Suchanek, F. and Kasneci, G. and Weikum, G.},
 title = {YAGO: A Large Ontology from Wikipedia and WordNet},
 journal = {Web Semant.},
 volume = {6},
 issue = {3},
 --month = {September},
 year = {2008},
 --issn = {1570-8268},
 pages = {203--217},
 --numpages = {15},
 --url = {http://portal.acm.org/citation.cfm?id=1412759.1412998},
 --publisher = {Elsevier Science Publishers B. V.},
 --address = {Amsterdam, The Netherlands, The Netherlands}, 
} 

@inproceedings{yao2009image,
  title =	 {Image parsing with stochastic grammar: The Lotus
                  Hill dataset and inference scheme},
  author =	 {Yao, B. and Yang, X. and Wu, T.},
  booktitle =	 {Computer Vision and Pattern Recognition Workshops,
                  2009. CVPR Workshops 2009},
  pages =	 {8--8},
  organization = {IEEE},
  year={2009}
}

@article{wsabie,
  author =	 {Weston, Jason and Bengio, Samy and Usunier, Nicolas},
  --affiliation ={Google, New York, USA},
  title =	 {Large scale image annotation learning to rank with joint word image embeddings}
  journal =	 {Machine Learning},
  publisher =	 {Springer},
  --issn =	 {0885-6125},
  --keyword =	 {Computer Science},
  pages =	 {21-35},
  volume =	 {81},
  issue =	 {1},
  --url =	 {http://dx.doi.org/10.1007/s10994-010-5198-3},
  --note =	 {10.1007/s10994-010-5198-3},
  year =	 {2010}
}

@inproceedings{usunier,
 author = {Usunier, Nicolas and Buffoni, David and Gallinari, Patrick},
 title = {Ranking with ordered weighted pairwise classification},
 booktitle = {Proceedings of the 26th Annual International Conference on Machine Learning},
 --series = {ICML '09},
 year = {2009},
 --isbn = {978-1-60558-516-1},
 --location = {Montreal, Quebec, Canada},
 pages = {1057--1064},
 --numpages = {8},
 --url = {http://doi.acm.org/10.1145/1553374.1553509},
 --doi = {http://doi.acm.org/10.1145/1553374.1553509},
 --acmid = {1553509},
 --publisher = {ACM},
 --address = {New York, NY, USA},
} 


@article{labelme,
  author =	 {Russell, Bryan C. and Torralba, Antonio and Murphy,
                  Kevin P. and Freeman, William T.},
  title =	 {LabelMe: A Database and Web-Based Tool for Image
                  Annotation},
  journal =	 {Int. J. Comput. Vision},
  volume =	 {77},
  issue =	 {1-3},
  --month =	 {May},
  year =	 {2008},
  --issn =	 {0920-5691},
  pages =	 {157--173}
} 
@inproceedings{imagenet,
  AUTHOR =	 {Deng, J. and Dong, W. and Socher, R. and Li,
                  L.-J. and Li, K. and Fei-Fei, L.},
  TITLE =	 {{ImageNet: A Large-Scale Hierarchical Image
                  Database}},
  BOOKTITLE =	 {CVPR09},
  YEAR =	 {2009},
  --BIBSOURCE =	 "http://www.image-net.org/papers/imagenet_cvpr09.bib"
}
@article{crandall2006weakly,
  title =	 {Weakly supervised learning of part-based spatial
                  models for visual object recognition},
  author =	 {Crandall, D. and Huttenlocher, D.},
  journal =	 {Computer Vision--ECCV 2006},
  pages =	 {16--29},
  year =	 {2006},
  publisher =	 {Springer}
}
@article{agarwal2004learning,
  title =	 {Learning to detect objects in images via a sparse,
                  part-based representation},
  author =	 {Agarwal, S. and Awan, A. and Roth, D.},
  journal =	 {Pattern Analysis and Machine Intelligence, IEEE
                  Transactions on},
  volume =	 {26},
  number =	 {11},
  pages =	 {1475--1490},
  year =	 {2004},
  publisher =	 {IEEE}
}

@inproceedings{Yao:2007,
  author =	 {Yao, B. and Yang, X. and Zhu, {S.-C.}},
  title =	 {Introduction to a large-scale general purpose ground
                  truth database: methodology, annotation tool and
                  benchmarks},
  booktitle =	 {Proceedings of the 6th international conference on
                  Energy minimization methods in computer vision and
                  pattern recognition},
  --series =	 {EMMCVPR'07},
  year =	 {2007},
  location =	 {Ezhou, China},
  pages =	 {169--183},
  --publisher =	 {Springer-Verlag},
} 


#AAAI citations

@ARTICLE{Bengio-scholarpedia-2007,
  author =	 {Bengio, Yoshua},
  title =	 {Neural net language models},
  journal =	 {Scholarpedia},
  volume =	 {3},
  number =	 {1},
  year =	 {2008},
  pages =	 {3881},
}

@inproceedings{Ng:2002,
  author =	 {Ng, Vincent and Cardie, Claire},
  title =	 {Improving machine learning approaches to coreference
                  resolution},
  booktitle =	 {Proc. of ACL'02},
  --series =	 {ACL '02},
  year =	 {2002},
  --location =	 {Philadelphia, Pennsylvania},
  pages =	 {104--111},
  numpages =	 {8},
  --publisher =	 {Association for Computational Linguistics},
  --address =	 {Stroudsburg, PA, USA},
} 

@article{robbins_monro:1951,
  author =	 {Herbert Robbins and Sutton Monro},
  title =	 {A Stochastic Approximation Method},
  journal =	 {Annals of Mathematical Statistics},
  volume =	 {22},
  issue =	 {3},
  pages =	 {400â€“-407},
  year =	 1951,
}

@InProceedings{snow-EtAl:2007,
  author =	 {Snow, Rion and Prakash, Sushant and Jurafsky, Daniel
                  and Ng, Andrew Y.},
  title =	 {Learning to Merge Word Senses},
  booktitle =	 {Proceedings of EMNLP'07},
  --month =	 {June},
  year =	 {2007},
  --address =	 {Prague, Czech Republic},
  --publisher =	 {Association for Computational Linguistics},
  pages =	 {1005--1014},
  --url =	 {http://www.aclweb.org/anthology/D/D07/D07-1107}
}

@article{Davis:1993,
  author =	 {Davis, Randall and Shrobe, Howard and Szolovits,
                  Peter},
  title =	 {What is a Knowledge Representation?},
  journal =	 {{AI} Magazine},
  volume =	 {14},
  number =	 {1},
  pages =	 {17--33},
  year =	 {1993}
}



@inproceedings{carlson:2010,
  Title =	 {Toward an Architecture for Never-Ending Language
                  Learning},
  Author =	 {Andrew Carlson and Justin Betteridge and Bryan
                  Kisiel and Burr Settles and Estevam R. Hruschka
                  Jr. and Tom M. Mitchell},
  Booktitle =	 {Proceedings of the 24th Conference on Artificial
                  Intelligence (AAAI 2010)},
  Year =	 {2010}
}

@inproceedings{Sutskever:2009,
  title =	 {Modelling Relational Data using Bayesian Clustered
                  Tensor Factorization},
  author =	 {Sutskever, Ilya and Salakhutdinov, Ruslan and
                  Tenenbaum, Josh},
  booktitle =	 {NIPS 22},
  year =	 2009
}

@inproceedings{Singh:2008,
  author =	 {Singh, Ajit P. and Gordon, Geoffrey J.},
  title =	 {Relational learning via collective matrix
                  factorization},
  booktitle =	 {Proc. of SIGKDD'08},
  --series =	 {KDD '08},
  year =	 {2008},
  --isbn =	 {978-1-60558-193-4},
  --location =	 {Las Vegas, Nevada, USA},
  pages =	 {650--658},
  --numpages =	 {9},
  --url =	 {http://doi.acm.org/10.1145/1401890.1401969},
  --doi =	 {http://doi.acm.org/10.1145/1401890.1401969},
  --acmid =	 {1401969},
  --publisher =	 {ACM},
  --address =	 {New York, NY, USA},
  --keywords =	 {matrix factorization, relational learning,
                  stochastic approximation},
} 

@article{Vilhelm:2000,
  author =	 {Vilhelm, Christian and Ravaux, Pierre and Calvelo,
                  Daniel and Jaborska, Alexandre and Chambrin,
                  Marie-Christine and Boniface, Michel},
  title =	 {Think!: a unified numerical-symbolic knowledge
                  representation scheme and reasoning system},
  journal =	 {Artif. Intell.},
  volume =	 {116},
  issue =	 {1-2},
  --month =	 {January},
  year =	 {2000},
  --issn =	 {0004-3702},
  pages =	 {67--85},
  --numpages =	 {19},
  --url =	 {http://portal.acm.org/citation.cfm?id=330778.330783},
  --doi =	 {10.1016/S0004-3702(99)00095-8},
  --acmid =	 {330783},
  --publisher =	 {Elsevier Science Publishers Ltd.},
  --address =	 {Essex, UK},
  --keywords =	 {knowledge representation, numeric reasoning,
                  symbolic reasoning, truth propagation},
} 

@InProceedings{MA:2010,
  author =	 {Jianbing Ma and Weiru Liu and Anthony Hunter},
  title =	 {Inducing Probability Distributions from Knowledge
                  Bases with (In)dependence Relations},
  conference =	 {AAAI Conference on Artificial Intelligence},
  year =	 {2010},
  --keywords =	 {Knowledge Bases; Belief Merging; Probability
                  Distribution; Principle of Indifference},
  --abstract =	 {When merging belief sets from different agents, the
                  result is normally a consistent belief set in which
                  the inconsistency between the original sources is
                  not represented. As probability theory is widely
                  used to represent uncertainty, an interesting
                  question therefore is whether it is possible to
                  induce a probability distribution when merging
                  belief sets. To this end, we first propose two
                  approaches to inducing a probability distribution on
                  a set of possible worlds, by extending the principle
                  of indifference on possible worlds. We then study
                  how the (in)dependence relations between atoms can
                  influence the probability distribution. We also
                  propose a set of properties to regulate the merging
                  of belief sets when a probability distribution is
                  output. Furthermore, our merging operators satisfy
                  the well known Konieczny and Pino-Perez postulates
                  if we use the set of possible worlds which have the
                  maximal induced probability values. Our study shows
                  that taking an induced probability distribution as a
                  merging result can better reflect uncertainty and
                  inconsistency among the original knowledge bases.},
  --url =
                  {http://www.aaai.org/ocs/index.php/AAAI/AAAI10/paper/view/1716/1987}
}

@article{McRoy:1992,
  author =	 {McRoy, Susan W.},
  title =	 {Using multiple knowledge sources for word sense
                  discrimination},
  journal =	 {Computatinal Linguistics},
  --issue_date = {March 1992},
  volume =	 {18},
  issue =	 {1},
  --month =	 {March},
  year =	 {1992},
  -issn =	 {0891-2017},
  pages =	 {1--30},
  --numpages =	 {30},
  --url =	 {http://portal.acm.org/citation.cfm?id=146680.146683},
  --acmid =	 {146683},
  --publisher =	 {MIT Press},
  --address =	 {Cambridge, MA, USA},
} 

@inproceedings{Naseem:2010,
  author =	 {Naseem, Tahira and Chen, Harr and Barzilay, Regina
                  and Johnson, Mark},
  title =	 {Using universal linguistic knowledge to guide
                  grammar induction},
  booktitle =	 {Proceedings of the 2010 Conference on Empirical
                  Methods in Natural Language Processing},
  --series =	 {EMNLP '10},
  year =	 {2010},
  --location =	 {Cambridge, Massachusetts},
  pages =	 {1234--1244},
  --numpages =	 {11},
  --url =
                  {http://portal.acm.org/citation.cfm?id=1870658.1870778},
  --acmid =	 {1870778},
  --publisher =	 {Association for Computational Linguistics},
  --address =	 {Stroudsburg, PA, USA},
} 

@incollection{Buckner:2002,
  author =	 {B\"uckner, J. and Pahl, M. and Stahlhut, O. and
                  Liedtke, C.},
  --affiliation ={University of Hannover Institut fÃ¼r Theoretische
                  Nachrichtentechnik und Informationsverarbeitung
                  (TNT) Germany},
  title =	 {A Knowledge-Based System for Context Dependent
                  Evaluation of Remote Sensing Data},
  booktitle =	 {Pattern Recognition},
  series =	 {Lecture Notes in Computer Science},
  --editor =	 {Van Gool, Luc},
  --publisher =	 {Springer Berlin / Heidelberg},
  --isbn =	 {},
  pages =	 {58-65},
  volume =	 {2449},
  --url =	 {http://dx.doi.org/10.1007/3-540-45783-6_8},
  --note =	 {10.1007/3-540-45783-6_8},
  year =	 {2002}
}


@article{Weston:2010,
  author =	 {Weston, Jason and Bengio, Samy and Usunier, Nicolas},
  title =	 {Large scale image annotation: learning to rank with
                  joint word-image embeddings},
  journal =	 {Machine Learning},
  volume =	 {81},
  issue =	 {1},
  --month =	 {October},
  year =	 {2010},
  --issn =	 {0885-6125},
  pages =	 {21--35},
  --numpages =	 {15},
  --url =	 {http://dx.doi.org/10.1007/s10994-010-5198-3},
  --doi =	 {http://dx.doi.org/10.1007/s10994-010-5198-3},
  --acmid =	 {1842818},
  --publisher =	 {Kluwer Academic Publishers},
  --address =	 {Hingham, MA, USA},
  --keywords =	 {Embedding, Image annotation, Large scale, Learning
                  to rank},
} 

@inproceedings{bordes:10,
  author =	 {Bordes, Antoine and Usunier, Nicolas and Collobert,
                  Ronan and Weston, Jason},
  title =	 {Towards Understanding Situated Natural Language},
  booktitle =	 {Proceedings of the 13th International Conference on
                  Artificial Intelligence and Statistics},
  year =	 {2010},
  volume =	 {9},
  --publisher =	 {JMLR},
  pages =	 {65-72}
}

@article{Craven:2000,
  title =	 "Learning to construct knowledge bases from the World
                  Wide Web",
  journal =	 "Artificial Intelligence",
  volume =	 "118",
  number =	 "1-2",
  pages =	 "69 - 113",
  year =	 "2000",
  --note =	 "",
  --issn =	 "0004-3702",
  --doi =	 "DOI: 10.1016/S0004-3702(00)00004-7",
  --url =
                  "http://www.sciencedirect.com/science/article/B6TYF-43FX0XK-3/2/8610b9d209e3e80a5ea6dfb53abdd711",
  author =	 "Mark Craven and Dan DiPasquo and Dayne Freitag and
                  Andrew McCallum and Tom Mitchell and Kamal Nigam and
                  SeÃ¡n Slattery",
}



#BELOW BABI citations

@InProceedings{ge-mooney09,
  author =	 {Ge, R. and Mooney, R. J.},
  title =	 {Learning a Compositional Semantic Parser using an
                  Existing Syntactic Parser},
  booktitle =	 {ACL '09},
  --month =	 {August},
  year =	 {2009},
  --address =	 {Suntec, Singapore},
  --publisher =	 {Association for Computational Linguistics},
  --pages =	 {611--619},
  --url =	 {http://www.aclweb.org/anthology/P/P09/P09-1069}
}

@article{kcca,
  title =	 {{Using KCCA for Japanese--English cross-language
                  information retrieval and document classification}},
  author =	 {Li, Y. and Shawe-Taylor, J.},
  journal =	 {Journal of intelligent information systems},
  volume =	 {27},
  number =	 {2},
  pages =	 {117--133},
  year =	 {2006},
  publisher =	 {Springer}
}


@InProceedings{zettlemoyer09,
  author =	 {Zettlemoyer, L. and Collins, M.},
  title =	 {Learning Context-Dependent Mappings from Sentences
                  to Logical Form},
  booktitle =	 {ACL '09},
  --month =	 {August},
  year =	 {2009},
  --address =	 {Suntec, Singapore},
  --publisher =	 {Association for Computational Linguistics},
  --pages =	 {976--984},
  --url =	 {http://www.aclweb.org/anthology/P/P09/P09-1110}
}



@InProceedings{branavan09,
  author =	 {Branavan, S.R.K. and Chen, H. and Zettlemoyer,
                  L. and Barzilay, R.},
  title =	 {Reinforcement Learning for Mapping Instructions to
                  Actions},
  booktitle =	 {ACL '09},
  --month =	 {August},
  year =	 {2009},
  --address =	 {Suntec, Singapore},
  --publisher =	 {Association for Computational Linguistics},
  --pages =	 {82--90},
  --url =	 {http://www.aclweb.org/anthology/P/P09/P09-1010}
}



@inproceedings{Snyder07,
  author =	 {Snyder, B. and Barzilay, R.},
  title =	 {Database-text alignment via structured multilabel
                  classification},
  booktitle =	 {In Proc. of the International Joint Conference on
                  Artificial Intelligence},
  year =	 {2007},
  pages =	 {1713--1718}
}



@inproceedings{liang09semantics,
  title =	 {Learning Semantic Correspondences with Less
                  Supervision},
  author =	 {P. Liang and M. I. Jordan and D. Klein},
  booktitle =	 {ACL '09},
  year =	 {2009},
}

@conference {assert,
  title =	 {{Shallow Semantic Parsing using Support Vector
                  Machines}},
  author =	 {Sameer S. Pradhan and Wayne Ward and Kadri Hacioglu
                  and James H. Martin and Daniel Jurafsky},
  journal =	 {HLT/NAACL '04},
  year =	 2004,
}

@conference{laso,
  author =	 {{Daum\'e III}, H. and Marcu, D.},
title =        {{Learning as Search Optimization: Approximate Large Margin Methods for Structured Prediction}},
  booktitle =    {ICML '05},
  year =         {2005},
  --address =      {Bonn, Germany},
  --url = {http://pub.hal3.name/#daume05laso}
}

@inproceedings { hadsell,
original = "orig/hadsell-chopra-lecun-06.pdf",
author = "Hadsell, Raia and Chopra, Sumit and LeCun, Yann",
title = "Dimensionality Reduction by Learning an Invariant Mapping",
booktitle = "Proc. Computer Vision and Pattern Recognition Conference (CVPR'06)",
--publisher = "IEEE Press",
year = 2006
}

@incollection { bromley-94,
original =    "orig/bromley-94.djvu",
author =	"Bromley, J. and Guyon, I. and LeCun, Y. and Sackinger, E. and Shah, R.",
title =		"Signature Verification using a Siamese Time Delay Neural Network",
booktitle =	"Advances in Neural Information Processing Systems", 
volume =	6, 
publisher =	"Morgan Kaufmann",
editor = 	"Cowan, J. and Tesauro, G.",
year =		1993
}


@article{boser1992tao,
  title={{A training algorithm for optimal margin classifiers}},
  author={Boser, B.E. and Guyon, I.M. and Vapnik, V.N.},
  journal={Proceedings of the fifth annual workshop on Computational learning theory},
  pages={144--152},
  year={1992},
  publisher={ACM Press New York, NY, USA}
}

@Book{vapnik98,
  author = 	 {Vladimir N. Vapnik},
  title = 	 {Statistical Learning Theory},
  publisher = 	 {John Wiley and Sons, New York},
  year = 	 {1998}
}


@conference{svmstruct-icml,
  title={{Support vector machine learning for interdependent and structured output spaces}},
  author={Tsochantaridis, I. and Hofmann, T. and Joachims, T. and Altun, Y.},
  booktitle={ICML '04},
  year={2004},
  --organization={ACM New York, NY, USA}
}

@article{svmstruct,
 title = {{Large Margin Methods for Structured and
          Interdependent Output Variables}},
 author = {Tsochantaridis, I. and Joachims, T. 
           and Hofmann, T. and Altun, Y.},
 year = {2005},
 journal =  {JMLR},
 pages = {1453--1484},
 volume = {6}
}

@article{bengio03,
   title={A Neural Probabilistic Language Model},
   author={Bengio, Y. and Ducharme, R. and Vincent, P. and Jauvin, C.}, 
   journal={JMLR},
   pages={1137--1155}, 
   year={2003},
   volume = {3}
}

@book{russell1995aim,
  title={{Artificial intelligence: a modern approach}},
  author={Russell, S.J. and Norvig, P. and Canny, J.F. and Malik, J. and Edwards, D.D.},
  year={1995},
  publisher={Prentice Hall Englewood Cliffs, NJ}
}

@book{dialogue1,
  title={{Natural language understanding}},
  author={Allen, J.},
  year={1995},
  publisher={Benjamin-Cummings Publishing Co.}
}


@article{coref1,
  title={{A Machine Learning Approach to Coreference Resolution of Noun Phrases}},
  author={Soon, W.M. and Ng, H.T. and Lim, D.C.Y.},
  journal={Computational Linguistics},
  volume={27},
  number={4},
  pages={521--544},
  year={2001},
  --publisher={MIT Press}
}


@conference{unified_nlp,
  title={{A Unified Architecture for Natural Language Processing: Deep Neural Networks with Multitask Learning}},
  author={Collobert, R. and Weston, J.},
  booktitle =    {ICML '08},
  year =         {2008},
}
  --address = {Helsinki, Finland}


@conference{propbank,
  title={{From Treebank to PropBank}},
  author={Kingsbury, P. and Palmer, M.},
  booktitle={Proc. of the 3rd International Conference on Language Resources and Evaluation},
  --pages={1989--1993},
  year={2002}
}


@conference{yu2004igl,
  title={{On the Integration of Grounding Language and Learning Objects}},
  author={Yu, C. and Ballard, D.H.},
  booktitle={AAAI '04},
  --pages={488--494},
  year={2004},
}
  --organization={Menlo Park, CA; Cambridge, MA; London; AAAI Press; MIT Press; 1999}

@conference{fleischman2007smm,
  title={{Situated Models of Meaning for Sports Video Retrieval}},
  author={Fleischman, M. and Roy, D.},
  booktitle={HLT/NAACL '07},
  year={2007}
}

@conference{sameer2004ssp,
  title={{Shallow Semantic Parsing Using Support Vector Machines}},
  author={Sameer, P. and Ward, W. and Hacioglu, K. and Martin, J. and Jurafsky, D.},
  booktitle={HLT/NAACL '04},
  year={2004}
}

@conference{zettlemoyer2005lms,
  title={{Learning to Map sentences to Logical Form: Structured 
Classification with Probabilistic Categorial Grammars}},
  author={Zettlemoyer, L.S. and Collins, M.},
  booktitle={UAI '05},
  year={2005}
}



@conference{kate2007lls,
  title={{Learning Language Semantics from Ambiguous Supervision}},
  author={Kate, R.J. and Mooney, R.J.},
  booktitle={AAAI '07},
  --volume={22},
  --number={1},
  --pages={895},
  year={2007},
 --organization={Menlo Park, CA; Cambridge, MA; London; AAAI Press; MIT Press; 1999}
}


@conference{chen:lst,
  title={{Learning to Sportscast: A Test of Grounded Language Acquisition}},
  author={Chen, D.L. and Mooney, R.J.},
  booktitle =    {ICML '08},
  year =         {2008},
  --address = {Helsinki, Finland}
}

@conference{wong2007lsg,
  title={{Learning Synchronous Grammars for Semantic Parsing with Lambda Calculus}},
  author={Wong, Y.W. and Mooney, R.},
  booktitle={ACL '07},
  --volume={45},
  --pages={960},
  year={2007}
}


@conference{fleischman2005ics,
  title={{Intentional Context in Situated Language Learning}},
  author={Fleischman, M. and Roy, D.},
  booktitle={9th Conference on Computational Natural Language Learning},
  --address={Ann Arbor, MI.},
  year={2005}
}


@conference{Mooney08,
  author    = {Raymond J. Mooney},
  title     = {{Learning to Connect Language and Perception}},
  booktitle = {AAAI},
  year      = {2008},
  --pages     = {1598-1601},
  --bibsource = {DBLP, http://dblp.uni-trier.de}
}

 
@article{harnad90,
  title={{The Symbol Grounding Problem}},
  author={Harnad, S.},
  journal={Physica D},
  volume={42},
  number={1-3},
  pages={335--346},
  year={1990}
}

@article{SUN,
   title={SUN Database: Large-scale Scene Recognition from Abbey to Zoo},
   author={Xiao, X. and Hays, J. and Ehinger K.A. and Oliva, A.  and  Torralba, A.},
   journal={CVPR},
   year={2010} 
    }



@article{siskind1994glp,
  title={{Grounding Language in Perception}},
  author={Siskind, J.M.},
  journal={Artificial Intelligence Review},
  volume={8},
  number={5},
  pages={371--391},
  year={1994},
  --publisher={Springer}
}

@article{wordnet,
  title={{WordNet: a Lexical Database for English}},
  author={Miller, G.A.},
  journal={Communications of the ACM},
  volume={38},
  number={11},
  pages={39--41},
  year={1995},
  --publisher={ACM New York, NY, USA}
}

@article{barnard05ai,
 title = {{Word Sense Disambiguation with Pictures}},
 author = {Barnard, K. and Johnson, M.},
 journal = {Artificial Intelligence},
 volume = {167},
 number = {1-2},
 year = {2005},
 --issn = {0004-3702},
--pages = {13--30},
 --doi = {http://dx.doi.org/10.1016/j.artint.2005.04.009},
 --publisher = {Elsevier Science Publishers Ltd.},
 --address = {Essex, UK},
 }

@article{roy05ai,
 title = {{Connecting Language to the World}},
 author = {Roy, D. and Reiter, E.},
 booktitle = {Connecting Language to the World},
 journal = {Artificial Intelligence},
 --month = {September},
 number = {1-2},
 pages = {1--12},
 volume = 167,
 year = 2005,
 --publisher = {Elsevier Science Publishers Ltd.},
 --address = {Essex, UK},
}


@article{feldman1996ffy,
  title={{L 0-The first five years of an automated language acquisition project}},
  author={Feldman, J. and Lakoff, G. and Bailey, D. and Narayanan, S. and Regier, T. and Stolcke, A.},
  journal={Artificial Intelligence Review},
  volume={10},
  number={1},
  pages={103--129},
  year={1996},
  --publisher={Springer}
}

 
@book{winograd1972unl,
  title={{Understanding natural language}},
  author={Winograd, T. and Barbour, M.G. and Stocking, C.R.},
  year={1972},
  publisher={Academic Press}
}


@article{winston,
  title={{The psychology of computer vision}},
  author={Winston, P.H.},
  journal={Pattern Recognition},
  volume={8},
  number={3},
  pages={193--193},
  year={1976},
  --publisher={Elsevier}
}


@article{thibadeau1986apa,
  title={{Artificial perception of actions}},
  author={Thibadeau, R.},
  journal={Cognitive Science},
  volume={10},
  number={2},
  pages={117--149},
  year={1986},
  --publisher={Elsevier}
}


@conference{collins2004ipp,
  title={{Incremental parsing with the perceptron algorithm}},
  author={Collins, M. and Roark, B.},
  booktitle={ACL '04},
  year={2004},
  --organization={Association for Computational Linguistics Morristown, NJ, USA}
}


@conference{shen2007glb,
  author    = {Shen, L.  and  Satta, G.  and  Joshi, A.},
  title     = {{Guided Learning for Bidirectional Sequence Classification}},
  booktitle = {ACL '07},
  --month     = {June},
  year      = {2007},
  --address   = {Prague, Czech Republic},
  --publisher = {Association for Computational Linguistics},
  --pages     = {760--767},
  --url       = {http://www.aclweb.org/anthology/P07-1096}
}

@conference{monay2004plsa,
  title={{PLSA-based image auto-annotation: constraining the latent space}},
  author={Monay, F. and Gatica-Perez, D.},
  booktitle={Proceedings of the 12th annual ACM international conference on Multimedia},
  pages={348--351},
  year={2004},
  organization={ACM New York, NY, USA}
}

@conference{zhou2007semi,
  title={{Semi-supervised learning with very few labeled training examples}},
  author={Zhou, Z.H. and Zhan, D.C. and Yang, Q.},
  booktitle={Proceedings of the National Conference on Artificial Intelligence},
  volume={22},
  pages={675},
  year={2007},
  organization={AAAI Press; MIT Press; 1999}
}

@article{grangier:2008:tpami,
  author = {David Grangier and Samy Bengio},
  title = {A Discriminative Kernel-based Model to Rank Images from Text Queries},
  volume = 30,
  number = 8,
  pages = {1371--1384},
  journal = {Transactions on Pattern Analysis and Machine Intelligence},
  year =  2008,
}
